<record><leader>00000cas a22000007a 4500</leader><controlfield tag="001">10153907</controlfield><controlfield tag="008">831122d18561858mnuwr ne      0    0eng  </controlfield><datafield ind1=" " ind2=" " tag="010"><subfield code="a">sn 83016812 </subfield></datafield><datafield ind1=" " ind2=" " tag="040"><subfield code="a">DLC</subfield><subfield code="b">eng</subfield><subfield code="c">DLC</subfield><subfield code="d">NPV</subfield><subfield code="d">MN#</subfield><subfield code="d">OCL</subfield><subfield code="d">NYS</subfield><subfield code="d">OCLCQ</subfield></datafield><datafield ind1=" " ind2=" " tag="019"><subfield code="a">1764857</subfield></datafield><datafield ind1=" " ind2=" " tag="042"><subfield code="a">msc</subfield></datafield><datafield ind1="0" ind2="0" tag="050"><subfield code="a">Newspaper 8445-X</subfield></datafield><datafield ind1="0" ind2="4" tag="245"><subfield code="a">The Saint Paul financial, real estate and railroad advertiser.</subfield></datafield><datafield ind1="1" ind2="3" tag="246"><subfield code="a">St. Paul advertiser</subfield></datafield><datafield ind1=" " ind2=" " tag="260"><subfield code="a">Saint Paul, Minn. :</subfield><subfield code="b">Parker &amp; Winslow,</subfield><subfield code="c">-1858.</subfield></datafield><datafield ind1=" " ind2=" " tag="300"><subfield code="a">v.</subfield></datafield><datafield ind1=" " ind2=" " tag="310"><subfield code="a">Weekly</subfield></datafield><datafield ind1="0" ind2=" " tag="362"><subfield code="a">-v. 3, no. 125 (June 19, 1858).</subfield></datafield><datafield ind1="1" ind2=" " tag="362"><subfield code="a">Began with Jan. 26, 1856 issue.</subfield></datafield><datafield ind1=" " ind2=" " tag="500"><subfield code="a">Published on Saturday.</subfield></datafield><datafield ind1=" " ind2=" " tag="530"><subfield code="a">Available on microfilm from the Minnesota Historical Society.</subfield></datafield><datafield ind1=" " ind2=" " tag="588"><subfield code="a">Description based on: Vol. 1, no. 2 (Feb. 2, 1856).</subfield></datafield><datafield ind1=" " ind2=" " tag="752"><subfield code="a">United States</subfield><subfield code="b">Minnesota</subfield><subfield code="c">Ramsey</subfield><subfield code="d">Saint Paul.</subfield></datafield><datafield ind1="0" ind2="0" tag="780"><subfield code="t">Saint Paul financial &amp; real estate advertisr</subfield><subfield code="w">(DLC)sn 90059513</subfield></datafield><datafield ind1="0" ind2="4" tag="785"><subfield code="t">Weekly pioneer and Democrat</subfield><subfield code="w">(DLC)   83016751</subfield></datafield><datafield ind1="1" ind2=" " tag="029"><subfield code="a">AU@</subfield><subfield code="b">000020412952</subfield></datafield></record>